% This file was created with JabRef 2.10.
% Encoding: UTF8


@Article{Adelman1995,
  Title                    = {Examining the Effect of Causal Focus on the Option Generation Process: An Experiment Using Protocol Analysis},
  Author                   = {Leonard Adelman and James Gualtieri and Suzanne Stanford},
  Journal                  = {Organizational Behavior and Human Decision Processes},
  Year                     = {1995},
  Number                   = {1},
  Pages                    = {54-66},
  Volume                   = {61}
}
